@book{skolnik09,
    editor={Skolnik, Merrill I.},
    title={{Radar} {Handbook}},
    edition={Third Edition},
    year={2009},
    publisher={{McGraw-Hill} {Companies}},
    isbn={978-0-07-148547-0}
}